<record><leader>00000cas a22000007a 4500</leader><controlfield tag="001">11185394</controlfield><controlfield tag="008">840922d18481852ohuwr ne      0    0eng d</controlfield><controlfield tag="009">3783</controlfield><datafield ind1=" " ind2=" " tag="010"><subfield code="a">sn 84028552 </subfield></datafield><datafield ind1=" " ind2=" " tag="040"><subfield code="a">NPY</subfield><subfield code="b">eng</subfield><subfield code="c">NPY</subfield><subfield code="d">ONP</subfield><subfield code="d">OCLCQ</subfield></datafield><datafield ind1=" " ind2=" " tag="042"><subfield code="a">msc</subfield></datafield><datafield ind1="0" ind2="0" tag="245"><subfield code="a">Ohio times.</subfield></datafield><datafield ind1=" " ind2=" " tag="260"><subfield code="a">Mt. Vernon, Ohio :</subfield><subfield code="b">Wm. H. Cochran,</subfield><subfield code="c">1848-1852.</subfield></datafield><datafield ind1=" " ind2=" " tag="300"><subfield code="a">v. :</subfield><subfield code="b">ill. (chiefly advertisements) ;</subfield><subfield code="c">61 cm.</subfield></datafield><datafield ind1=" " ind2=" " tag="310"><subfield code="a">Weekly</subfield></datafield><datafield ind1="0" ind2=" " tag="362"><subfield code="a">Vol. 7, no. 50 (Sept. 5, 1848)-v. 11, no. 46 (Aug. 3, 1852).</subfield></datafield><datafield ind1=" " ind2=" " tag="752"><subfield code="a">United States</subfield><subfield code="b">Ohio</subfield><subfield code="c">Knox</subfield><subfield code="d">Mount Vernon.</subfield></datafield><datafield ind1="0" ind2="0" tag="780"><subfield code="t">Times (Mount Vernon, Ohio)</subfield><subfield code="w">(DLC)sn 84028551</subfield></datafield><datafield ind1="0" ind2="0" tag="785"><subfield code="t">Ohio State times</subfield><subfield code="w">(DLC)sn 84028553</subfield></datafield></record>